@misc{llvm,
   author={LLVM, Project},
   title={Documentaion LLVM 3.4.2},
   howpublished={\url{http://llvm.org/releases/3.4.2/docs/index.html}},
   year={2014}
}

@misc{starpu,
   author={Universit√© de, Bordeaux},
   title={STARPU Handbook},
   howpublished={\url{http://starpu.gforge.inria.fr/files/doc/starpu-1.1.4/html/}},
   year={2015}
}

@misc{opencl,
   author={KHRONOS, Group},
   title={OpenCL Documentation},
   howpublished={\url{https://www.khronos.org/opencl/}},
}

@misc{spir,
   author={KHRONOS, Group},
   title={SPIR Documentation},
   howpublished={\url{https://www.khronos.org/spir/}}
}

@misc{ocl_reduction,
   author={Bryan, Catanzaro},
   title={OpenCL Optimization Case Study: Simple Reductions},
   howpublished={\url{http://developer.amd.com/resources/articles-whitepapers/opencl-optimization-case-study-simple-reductions/}},
   year={2010}
}
